% Encoding: UTF-8

@Comment{jabref-meta: databaseType:bibtex;}

@article{hart1968formal,
  title={A formal basis for the heuristic determination of minimum cost paths},
  author={Hart, Peter E and Nilsson, Nils J and Raphael, Bertram},
  journal={IEEE transactions on Systems Science and Cybernetics},
  volume={4},
  number={2},
  pages={100--107},
  year={1968},
  publisher={IEEE}
}
@inproceedings{moore1959shortest,
  title={The shortest path through a maze},
  author={Moore, Edward F},
  booktitle={Proc. of the International Symposium on the Theory of Switching},
  pages={285--292},
  year={1959},
  organization={Harvard University Press}
}
